@MISC {proposal:info-sharing-strategy,
  title = "{D}o{D} {I}nformation {S}haring {S}trategy",
  month = "May",
  year = 2007,
  howpublished = "{http://cio-nii.defense.gov/docs/InfoSharingStrategy.pdf}"
}

@MISC {proposal:nsa-cloud,
  title = "{NSA} {P}ursues {I}ntelligence-{S}haring {A}rchitecture",
  month = "April",
  year = 2011,
  howpublished = "{http://www.informationweek.com/news/government/cloud-saas/229401646}"
}

@INPROCEEDINGS{proposal:privacy-security-trust-cloud,
  author={Pearson, S. and Benameur, A.},
  booktitle={Cloud Computing Technology and Science (CloudCom), 2010 IEEE Second International Conference on}, title={Privacy, Security and Trust Issues Arising from Cloud Computing},
  year={2010},
  month={30 2010-dec. 3},
  volume={},
  number={},
  pages={693 -702},
  keywords={cloud computing;data security;large scale infrastructures;on-demand provisioning mechanism;pay-per-use business model;privacy mechanisms;storage resources;trust issues;cloud computing;data privacy;},
  doi={10.1109/CloudCom.2010.66},
ISSN={},}